@misc{gitkey,
howpublished    =
{https://github.com/amarjeetkapoor1/OpenSCAD}
}

@Misc{latexkey,
howpublished =
{https://www.sharelatex.com}
}

@misc{doxygenkey,
howpublished = {Doxygen www.doxygen.org}
}

@Misc{blog,
howpublished =
{My Blog, https://amarjeetkapoor1.wordpress.com}
}

@Misc{gitprofile,
howpublished =
{My Github Profile, https://github.com/amarjeetkapoor1}
}

@Misc{wikiopenscad,
howpublished =
{https://en.wikipedia.org/wiki/OpenSCAD}
}

@Misc{openscad,
howpublished =
{http://www.openscad.org/}
}

@Misc{customizerkey,
howpublished =
{http://customizer.makerbot.com/docs}
}

@Misc{mecustomizerblog,
howpublished =
{https://amarjeetkapoor1.wordpress.com/2016/07/04/user-interface-for-customizing-models/}
}

@Misc{openscadnews,
howpublished =
{https://amarjeetkapoor1.wordpress.com/2016/07/04/user-interface-for-customizing-models/}
}

@Misc{Cpluslogo,
howpublished =
{https://www.quora.com/Is-there-an-official-C++-logo}
}

@Misc{gnulogo,
howpublished =
{https://en.wikipedia.org/wiki/GNU\#/media/File:Heckert\_GNU\_white.svg}
}

@Misc{Qtlogo,
howpublished =
{https://en.wikipedia.org/wiki/Qt\_(software)\#/media/File:Qt\_logo\_2015.svg}
}

@Misc{doxygenlogo,
howpublished =
{https://upload.wikimedia.org/wikipedia/commons/c/ce/Doxygen.png}
}

@Misc{githublogo,
howpublished =
{https://en.wikipedia.org/wiki/GitHub\#/media/File:GitHu\_logo\_2013\_padded.svg
}
}

@Misc{gitlogo,
howpublished =
{https://en.wikipedia.org/wiki/Git\#/media/File:Git-logo.svg}
}

@Misc{wikiQt,
howpublished =
{https://en.wikipedia.org/wiki/Qt\_(software)}
}

@Misc{wiki-C,
howpublished =
{https://en.wikipedia.org/wiki/C\%2B\%2B}
}

@Misc{wikiTravis,
howpublished =
{https://en.wikipedia.org/wiki/Travis\_CI}
}

@Misc{cmake,
howpublished =
{https://cmake.org/Wiki/CMake/Testing\_With\_CTest}
}

@Misc{bison,
title = {Flex/Bison Tutorial},
author = {Aaron Myles Landwehr},
howpublished =
{aron+ta@udel.edu}
}
